<collection xmlns="http://www.loc.gov/MARC21/slim">
<record>
  <leader>01101nam0a22002051i 450 </leader>
  <controlfield tag="001">IT\ICCU\CNCE\063597</controlfield>
  <controlfield tag="005">20111109000000.0</controlfield>
  <datafield tag="012" ind1=" " ind2=" ">
    <subfield code="a">hino u-u- r-e. tode (C) 1563 (R)</subfield>
    <subfield code="2">fei</subfield>
  </datafield>
  <datafield tag="100" ind1=" " ind2=" ">
    <subfield code="a">20060105d1563        0itac0103    ba</subfield>
  </datafield>
  <datafield tag="101" ind1=" " ind2=" ">
    <subfield code="a">ITA</subfield>
  </datafield>
  <datafield tag="102" ind1=" " ind2=" ">
    <subfield code="a">IT</subfield>
  </datafield>
  <datafield tag="200" ind1="1" ind2=" ">
    <subfield code="a">Narratione ouero compendio delle cose notabili occorse nella creatione, &amp; coronatione del serenissimo re de romani. Con la dichiaratione della pace nuouamente fatta tra la maest ̉dell&apos;imperatore, &amp; il gran Turco. Et la copia d&apos;una lettera mandata per il signor Alonzo di Toledo hispano, alla sacra maest ̉dell&apos;imperatore, narrando le miserie de dodeci milla schiaui christiani nella citt ̉di Costantinopoli, dimandandoli aiuto, &amp; dolendosi della pace fatta, &amp; altre cose degne da essere intese</subfield>
  </datafield>
  <datafield tag="210" ind1=" " ind2=" ">
    <subfield code="a">Stampata in Bologna</subfield>
    <subfield code="d">1563</subfield>
  </datafield>
  <datafield tag="215" ind1=" " ind2=" ">
    <subfield code="a">\4! c.</subfield>
    <subfield code="d">4ʻ</subfield>
  </datafield>
  <datafield tag="300" ind1=" " ind2=" ">
    <subfield code="a">Il nome dell&apos;autore si ricava da c. 3r</subfield>
  </datafield>
  <datafield tag="620" ind1=" " ind2=" ">
    <subfield code="a">IT</subfield>
    <subfield code="d">Bologna</subfield>
  </datafield>
  <datafield tag="700" ind1=" " ind2="1">
    <subfield code="a">Ugolini,</subfield>
    <subfield code="b">Periandro : degli</subfield>
    <subfield code="3">IT\ICCU\CNCA\008702</subfield>
  </datafield>
  <datafield tag="712" ind1="0" ind2="2">
    <subfield code="a">s.n.</subfield>
    <subfield code="3">IT\ICCU\CNCT\000002</subfield>
    <subfield code="4">650</subfield>
  </datafield>
  <datafield tag="801" ind1=" " ind2="3">
    <subfield code="a">IT</subfield>
    <subfield code="b">ICCU</subfield>
    <subfield code="c">20201115</subfield>
  </datafield>
  <datafield tag="899" ind1=" " ind2=" ">
    <subfield code="a">Biblioteca Palatina. Parma</subfield>
    <subfield code="1">PR0072</subfield>
    <subfield code="2">PAR PA</subfield>
  </datafield>
</record>
</collection>
